Automatically generated by Mendeley Desktop 1.17.10
Any changes to this file will be lost if it is regenerated by Mendeley.

BibTeX export options can be customized via Options -> BibTeX in Mendeley Desktop


@article{Bisbas2012,
archivePrefix = {arXiv},
arxivId = {1209.1091},
author = {Bisbas, T G and Bell, T A and Viti, S and Yates, J and Barlow, M J},
doi = {10.1111/j.1365-2966.2012.22077.x},
eprint = {1209.1091},
issn = {00358711},
journal = {Mon. Not. R. Astron. Soc.},
keywords = {Astrochemistry,ISM: abundances,Methods: numerical,Photodissociation region (PDR),Radiative transfer},
number = {3},
pages = {2100--2118},
title = {{3d-pdr: A new three-dimensional astrochemistry code for treating photodissociation regions}},
volume = {427},
year = {2012}
}


@ARTICLE{Gorski2005,
   author = {{G{\'o}rski}, K.~M. and {Hivon}, E. and {Banday}, A.~J. and
	{Wandelt}, B.~D. and {Hansen}, F.~K. and {Reinecke}, M. and
	{Bartelmann}, M.},
    title = "{HEALPix: A Framework for High-Resolution Discretization and Fast Analysis of Data Distributed on the Sphere}",
  journal = {\apj},
   eprint = {astro-ph/0409513},
 keywords = {Cosmology: Cosmic Microwave Background, Cosmology: Observations, Methods: Statistical},
     year = 2005,
    month = apr,
   volume = 622,
    pages = {759-771},
      doi = {10.1086/427976},
   adsurl = {http://adsabs.harvard.edu/abs/2005ApJ...622..759G},
  adsnote = {Provided by the SAO/NASA Astrophysics Data System}
}


@ARTICLE{Woodall2007,
   author = {{Woodall}, J. and {Ag{\'u}ndez}, M. and {Markwick-Kemper}, A.~J. and
	{Millar}, T.~J.},
    title = "{The UMIST database for astrochemistry 2006}",
  journal = {\aap},
 keywords = {molecular data, molecular processes, ISM: molecules, astrochemistry},
     year = 2007,
    month = may,
   volume = 466,
    pages = {1197-1204},
      doi = {10.1051/0004-6361:20064981},
   adsurl = {http://adsabs.harvard.edu/abs/2007A%26A...466.1197W},
  adsnote = {Provided by the SAO/NASA Astrophysics Data System}
}


@ARTICLE{Schoier2005,
   author = {{Sch{\"o}ier}, F.~L. and {van der Tak}, F.~F.~S. and {van Dishoeck}, E.~F. and
	{Black}, J.~H.},
    title = "{An atomic and molecular database for analysis of submillimetre line observations}",
  journal = {\aap},
   eprint = {astro-ph/0411110},
 keywords = {astronomical data bases: miscellaneous, atomic data, molecular data, radiative transfer, ISM: atoms, ISM: molecules},
     year = 2005,
    month = mar,
   volume = 432,
    pages = {369-379},
      doi = {10.1051/0004-6361:20041729},
   adsurl = {http://esoads.eso.org/abs/2005A%26A...432..369S},
  adsnote = {Provided by the SAO/NASA Astrophysics Data System}
}



@ARTICLE{Ng1974,
   author = {{Ng}, K.-C.},
    title = "{Hypernetted chain solutions for the classical one-component plasma up to Gamma equals 7000}",
  journal = {\jcp},
 keywords = {Asymptotic Methods, Monte Carlo Method, Plasma Composition, Thermodynamic Properties, Distribution Functions, Electron Plasma, Iterative Solution, Plasma Dynamics, Plasma Interactions, Potential Energy, Radial Distribution, Specific Heat},
     year = 1974,
    month = oct,
   volume = 61,
    pages = {2680-2689},
      doi = {10.1063/1.1682399},
   adsurl = {http://adsabs.harvard.edu/abs/1974JChPh..61.2680N},
  adsnote = {Provided by the SAO/NASA Astrophysics Data System}
}


@article{Rybicki1992,
author = {Rybicki, G. B. and Hummer, D. G.},
file = {:home/frederik/.local/share/data/Mendeley Ltd./Mendeley Desktop/Downloaded/Rybicki, Hummer - 1992 - An accelerated lambda iteration method for multilevel radiative transfer. II - Overlapping transitions with ful.pdf:pdf},
journal = {Astron. Astrophys.},
pages = {209--215},
title = {{An accelerated lambda iteration method for multilevel radiative transfer. II - Overlapping transitions with full continuum}},
url = {http://adsabs.harvard.edu/abs/1992A{\&}A...262..209R},
volume = {262},
year = {1992}
}

@article{Rybicki1991,
archivePrefix = {arXiv},
arxivId = {9404019},
author = {Rybicki, G B and Hummer, D G},
eprint = {9404019},
issn = {0004-6361},
journal = {Astron. Astrophys.},
pages = {171--181},
title = {{An accelerated lambda iteration method for multilevel radiative transfer. I - Non-overlapping lines with background continuum}},
volume = {245},
year = {1991}
}

@article{Holdship2017,
archivePrefix = {arXiv},
arxivId = {170510677},
author={J. Holdship and S. Viti and I. Jim√©nez-Serra and A. Makrymallis and F. Priestley},
title={UCLCHEM: A Gas-grain Chemical Code for Clouds, Cores, and C-Shocks},
journal={The Astronomical Journal},
volume={154},
number={1},
pages={38},
url={http://stacks.iop.org/1538-3881/154/i=1/a=38},
year={2017}
}

@BOOK{Sobolev1960,
   author = {{Sobolev}, V.~V.},
    title = "{Moving envelopes of stars}",
 keywords = {CIRCUMSTELLAR ENVELOPES},
booktitle = {Cambridge: Harvard University Press, 1960},
     year = 1960,
   adsurl = {http://adsabs.harvard.edu/abs/1960mes..book.....S},
  adsnote = {Provided by the SAO/NASA Astrophysics Data System}
}

@ARTICLE{Castor1970,
   author = {{Castor}, J.~I.},
    title = "{Spectral line formation in Wolf-Rayet envelopes.}",
  journal = {\mnras},
     year = 1970,
   volume = 149,
    pages = {111-127},
      doi = {10.1093/mnras/149.2.111},
   adsurl = {http://adsabs.harvard.edu/abs/1970MNRAS.149..111C},
  adsnote = {Provided by the SAO/NASA Astrophysics Data System}
}

@ARTICLE{deJong1975,
   author = {{de Jong}, T. and {Dalgarno}, A. and {Chu}, S.-I.},
    title = "{Carbon monoxide in collapsing interstellar clouds}",
  journal = {\apj},
 keywords = {Carbon Monoxide, Gravitational Collapse, Interstellar Gas, Molecular Spectra, Nebulae, Astronomical Models, Brightness Temperature, Cloud Physics, Collision Rates, Energy Dissipation, Hydrogen Clouds, Infrared Astronomy, Spectral Line Width},
     year = 1975,
    month = jul,
   volume = 199,
    pages = {69-78},
      doi = {10.1086/153665},
   adsurl = {http://adsabs.harvard.edu/abs/1975ApJ...199...69D},
  adsnote = {Provided by the SAO/NASA Astrophysics Data System}
}

@ARTICLE{Poelman2005,
   author = {{Poelman}, D.~R. and {Spaans}, M.},
    title = "{The excitation of water in the S140 photon dominated region}",
  journal = {\aap},
   eprint = {astro-ph/0506111},
 keywords = {ISM: individual objets: S140, ISM: molecules},
     year = 2005,
    month = sep,
   volume = 440,
    pages = {559-567},
      doi = {10.1051/0004-6361:20053035},
   adsurl = {http://adsabs.harvard.edu/abs/2005A%26A...440..559P},
  adsnote = {Provided by the SAO/NASA Astrophysics Data System}
}

@ARTICLE{Haworth2017,
   author = {{Haworth}, T.~J. and {Glover}, S.~C.~O. and {Koepferl}, C.~M. and
	{Bisbas}, T.~G. and {Dale}, J.~E.},
    title = "{Synthetic observations of star formation and the interstellar medium}",
  journal = {ArXiv e-prints},
archivePrefix = "arXiv",
   eprint = {1711.05275},
 keywords = {Astrophysics - Astrophysics of Galaxies, Astrophysics - Solar and Stellar Astrophysics},
     year = 2017,
    month = nov,
   adsurl = {http://adsabs.harvard.edu/abs/2017arXiv171105275H},
  adsnote = {Provided by the SAO/NASA Astrophysics Data System}
}

@ARTICLE{Feautrier1964,
   author = {{Feautrier}, P.},
    title = "{Sur la resolution numerique de l'equation de transfert.}",
  journal = {Comptes Rendus Academie des Sciences (serie non specifiee)},
 keywords = {RADIATIVE TRANSFER, ITERATIVE SOLUTION},
     year = 1964,
   volume = 258,
   adsurl = {http://adsabs.harvard.edu/abs/1964CR....258.3189F},
  adsnote = {Provided by the SAO/NASA Astrophysics Data System}
}

@BOOK{Hubeny2014,
   author = {{Hubeny}, I. and {Mihalas}, D.},
    title = "{Theory of Stellar Atmospheres}",
booktitle = {Theory of Stellar Atmospheres, by I.~Hubeny and D.~Mihalas.~Princeton, NJ: Princeton University Press, 2014},
     year = 2014,
   adsurl = {http://adsabs.harvard.edu/abs/2014tsa..book.....H},
  adsnote = {Provided by the SAO/NASA Astrophysics Data System}
}

@ARTICLE{Steinacker2013,
   author = {{Steinacker}, J. and {Baes}, M. and {Gordon}, K.~D.},
    title = "{Three-Dimensional Dust Radiative Transfer*}",
  journal = {\araa},
archivePrefix = "arXiv",
   eprint = {1303.4998},
 primaryClass = "astro-ph.IM",
     year = 2013,
    month = aug,
   volume = 51,
    pages = {63-104},
      doi = {10.1146/annurev-astro-082812-141042},
   adsurl = {http://adsabs.harvard.edu/abs/2013ARA%26A..51...63S},
  adsnote = {Provided by the SAO/NASA Astrophysics Data System}
}

@ARTICLE{Brinch2010,
   author = {{Brinch}, C. and {Hogerheijde}, M.~R.},
    title = "{LIME - a flexible, non-LTE line excitation and radiation transfer method for millimeter and far-infrared wavelengths}",
  journal = {\aap},
archivePrefix = "arXiv",
   eprint = {1008.1492},
 primaryClass = "astro-ph.SR",
 keywords = {radiative transfer, line: formation, methods: numerical},
     year = 2010,
    month = nov,
   volume = 523,
      eid = {A25},
    pages = {A25},
      doi = {10.1051/0004-6361/201015333},
   adsurl = {http://adsabs.harvard.edu/abs/2010A%26A...523A..25B},
  adsnote = {Provided by the SAO/NASA Astrophysics Data System}
}

@ARTICLE{VanZadelhoff2002,
   author = {{van Zadelhoff}, G.-J. and {Dullemond}, C.~P. and {van der Tak}, F.~F.~S. and
	{Yates}, J.~A. and {Doty}, S.~D. and {Ossenkopf}, V. and {Hogerheijde}, M.~R. and
	{Juvela}, M. and {Wiesemeyer}, H. and {Sch{\"o}ier}, F.~L.},
    title = "{Numerical methods for non-LTE line radiative transfer: Performance and convergence characteristics}",
  journal = {\aap},
   eprint = {astro-ph/0208503},
 keywords = {stars: formation, molecular processes},
     year = 2002,
    month = nov,
   volume = 395,
    pages = {373-384},
      doi = {10.1051/0004-6361:20021226},
   adsurl = {http://adsabs.harvard.edu/abs/2002A%26A...395..373V},
  adsnote = {Provided by the SAO/NASA Astrophysics Data System}
}

@MISC{RADMC2012,
   author = {{Dullemond}, C.~P. and {Juhasz}, A. and {Pohl}, A. and {Sereshti}, F. and
	{Shetty}, R. and {Peters}, T. and {Commercon}, B. and {Flock}, M.
	},
    title = "{RADMC-3D: A multi-purpose radiative transfer tool}",
 keywords = {Software },
howpublished = {Astrophysics Source Code Library},
     year = 2012,
    month = feb,
archivePrefix = "ascl",
   eprint = {1202.015},
   adsurl = {http://adsabs.harvard.edu/abs/2012ascl.soft02015D},
  adsnote = {Provided by the SAO/NASA Astrophysics Data System}
}

@MISC{SKIRT2011,
   author = {{Baes}, M. and {Dejonghe}, H. and {Davies}, J.},
    title = "{SKIRT: Stellar Kinematics Including Radiative Transfer}",
 keywords = {Software},
howpublished = {Astrophysics Source Code Library},
     year = 2011,
    month = sep,
archivePrefix = "ascl",
   eprint = {1109.003},
   adsurl = {http://adsabs.harvard.edu/abs/2011ascl.soft09003B},
  adsnote = {Provided by the SAO/NASA Astrophysics Data System}
}


@MISC{CMACIONIZE2018,
   author = {{Vandenbroucke}, B. and {Wood}, K.},
    title = "{CMacIonize: Monte Carlo photoionisation and moving-mesh radiation hydrodynamics}",
 keywords = {Software },
howpublished = {Astrophysics Source Code Library},
     year = 2018,
    month = feb,
archivePrefix = "arXiv",
   eprint = {1802.09528},
 primaryClass = "astro-ph.IM",
   adsurl = {http://adsabs.harvard.edu/abs/2018ascl.soft02003V},
  adsnote = {Provided by the SAO/NASA Astrophysics Data System}
}


@MISC{SPHRAY2011,
   author = {{Altay}, G. and {Croft}, R.~A.~C. and {Pelupessy}, I.},
    title = "{SPHRAY: A Smoothed Particle Hydrodynamics Ray Tracer for Radiative Transfer}",
 keywords = {Software},
howpublished = {Astrophysics Source Code Library},
     year = 2011,
    month = mar,
archivePrefix = "ascl",
   eprint = {1103.009},
   adsurl = {http://adsabs.harvard.edu/abs/2011ascl.soft03009A},
  adsnote = {Provided by the SAO/NASA Astrophysics Data System}
}

@BOOK{Chandrasekhar1960,
   author = {{Chandrasekhar}, S.},
    title = "{Radiative transfer}",
 keywords = {RADIATIVE TRANSFER, RADIATION, RADIATION SCATTERING},
booktitle = {New York: Dover, 1960},
     year = 1960,
   adsurl = {http://adsabs.harvard.edu/abs/1960ratr.book.....C},
  adsnote = {Provided by the SAO/NASA Astrophysics Data System}
}

@BOOK{Osterbrock1974,
   author = {{Osterbrock}, D.~E.},
    title = "{Astrophysics of Gaseous Nebulae}",
 keywords = {Astrophysics, Gas Ionization, Interstellar Gas, Nebulae, Cosmic Dust, Emission Spectra, H Ii Regions, Interstellar Extinction, Interstellar Matter, Photoionization, Planetary Nebulae, Stellar Evolution, Thermodynamic Equilibrium},
booktitle = {Research supported by the Research Corp., Wisconsin Alumni Research Foundation, John Simon Guggenheim Memorial Foundation, Institute for Advanced Studies, and National Science Foundation.~San Francisco, W.~H.~Freeman and Co., 1974.~263 p.},
     year = 1974,
   adsurl = {http://adsabs.harvard.edu/abs/1974agn..book.....O},
  adsnote = {Provided by the SAO/NASA Astrophysics Data System}
}


@ARTICLE{Xia2018,
   author = {{Xia}, C. and {Teunissen}, J. and {El Mellah}, I. and {Chan{\'e}}, E. and
	{Keppens}, R.},
    title = "{MPI-AMRVAC 2.0 for Solar and Astrophysical Applications}",
  journal = {\apjs},
archivePrefix = "arXiv",
   eprint = {1710.06140},
 primaryClass = "astro-ph.SR",
 keywords = {hydrodynamics, magnetohydrodynamics: MHD, methods: numerical },
     year = 2018,
    month = feb,
   volume = 234,
      eid = {30},
    pages = {30},
      doi = {10.3847/1538-4365/aaa6c8},
   adsurl = {http://adsabs.harvard.edu/abs/2018ApJS..234...30X},
  adsnote = {Provided by the SAO/NASA Astrophysics Data System}
}


@ARTICLE{Grassi2014,
   author = {{Grassi}, T. and {Bovino}, S. and {Schleicher}, D.~R.~G. and
	{Prieto}, J. and {Seifried}, D. and {Simoncini}, E. and {Gianturco}, F.~A.
	},
    title = "{KROME - a package to embed chemistry in astrophysical simulations}",
  journal = {\mnras},
archivePrefix = "arXiv",
   eprint = {1311.1070},
 keywords = {astrochemistry, methods: numerical, ISM: evolution, ISM: molecules},
     year = 2014,
    month = apr,
   volume = 439,
    pages = {2386-2419},
      doi = {10.1093/mnras/stu114},
   adsurl = {http://adsabs.harvard.edu/abs/2014MNRAS.439.2386G},
  adsnote = {Provided by the SAO/NASA Astrophysics Data System}
}
