Automatically generated by Mendeley Desktop 1.17.10
Any changes to this file will be lost if it is regenerated by Mendeley.

BibTeX export options can be customized via Options -> BibTeX in Mendeley Desktop


@article{Bisbas2012,
archivePrefix = {arXiv},
arxivId = {1209.1091},
author = {Bisbas, T G and Bell, T A and Viti, S and Yates, J and Barlow, M J},
doi = {10.1111/j.1365-2966.2012.22077.x},
eprint = {1209.1091},
issn = {00358711},
journal = {Mon. Not. R. Astron. Soc.},
keywords = {Astrochemistry,ISM: abundances,Methods: numerical,Photodissociation region (PDR),Radiative transfer},
number = {3},
pages = {2100--2118},
title = {{3d-pdr: A new three-dimensional astrochemistry code for treating photodissociation regions}},
volume = {427},
year = {2012}
}


@ARTICLE{Gorski2005,
   author = {{G{\'o}rski}, K.~M. and {Hivon}, E. and {Banday}, A.~J. and
	{Wandelt}, B.~D. and {Hansen}, F.~K. and {Reinecke}, M. and
	{Bartelmann}, M.},
    title = "{HEALPix: A Framework for High-Resolution Discretization and Fast Analysis of Data Distributed on the Sphere}",
  journal = {\apj},
   eprint = {astro-ph/0409513},
 keywords = {Cosmology: Cosmic Microwave Background, Cosmology: Observations, Methods: Statistical},
     year = 2005,
    month = apr,
   volume = 622,
    pages = {759-771},
      doi = {10.1086/427976},
   adsurl = {http://adsabs.harvard.edu/abs/2005ApJ...622..759G},
  adsnote = {Provided by the SAO/NASA Astrophysics Data System}
}


@ARTICLE{Woodall2007,
   author = {{Woodall}, J. and {Ag{\'u}ndez}, M. and {Markwick-Kemper}, A.~J. and
	{Millar}, T.~J.},
    title = "{The UMIST database for astrochemistry 2006}",
  journal = {\aap},
 keywords = {molecular data, molecular processes, ISM: molecules, astrochemistry},
     year = 2007,
    month = may,
   volume = 466,
    pages = {1197-1204},
      doi = {10.1051/0004-6361:20064981},
   adsurl = {http://adsabs.harvard.edu/abs/2007A%26A...466.1197W},
  adsnote = {Provided by the SAO/NASA Astrophysics Data System}
}


@ARTICLE{Schoier2005,
   author = {{Sch{\"o}ier}, F.~L. and {van der Tak}, F.~F.~S. and {van Dishoeck}, E.~F. and
	{Black}, J.~H.},
    title = "{An atomic and molecular database for analysis of submillimetre line observations}",
  journal = {\aap},
   eprint = {astro-ph/0411110},
 keywords = {astronomical data bases: miscellaneous, atomic data, molecular data, radiative transfer, ISM: atoms, ISM: molecules},
     year = 2005,
    month = mar,
   volume = 432,
    pages = {369-379},
      doi = {10.1051/0004-6361:20041729},
   adsurl = {http://esoads.eso.org/abs/2005A%26A...432..369S},
  adsnote = {Provided by the SAO/NASA Astrophysics Data System}
}



@ARTICLE{Ng1974,
   author = {{Ng}, K.-C.},
    title = "{Hypernetted chain solutions for the classical one-component plasma up to Gamma equals 7000}",
  journal = {\jcp},
 keywords = {Asymptotic Methods, Monte Carlo Method, Plasma Composition, Thermodynamic Properties, Distribution Functions, Electron Plasma, Iterative Solution, Plasma Dynamics, Plasma Interactions, Potential Energy, Radial Distribution, Specific Heat},
     year = 1974,
    month = oct,
   volume = 61,
    pages = {2680-2689},
      doi = {10.1063/1.1682399},
   adsurl = {http://adsabs.harvard.edu/abs/1974JChPh..61.2680N},
  adsnote = {Provided by the SAO/NASA Astrophysics Data System}
}


@article{Rybicki1992,
author = {Rybicki, G. B. and Hummer, D. G.},
file = {:home/frederik/.local/share/data/Mendeley Ltd./Mendeley Desktop/Downloaded/Rybicki, Hummer - 1992 - An accelerated lambda iteration method for multilevel radiative transfer. II - Overlapping transitions with ful.pdf:pdf},
journal = {Astron. Astrophys.},
pages = {209--215},
title = {{An accelerated lambda iteration method for multilevel radiative transfer. II - Overlapping transitions with full continuum}},
url = {http://adsabs.harvard.edu/abs/1992A{\&}A...262..209R},
volume = {262},
year = {1992}
}

@article{Rybicki1991,
archivePrefix = {arXiv},
arxivId = {9404019},
author = {Rybicki, G B and Hummer, D G},
eprint = {9404019},
issn = {0004-6361},
journal = {Astron. Astrophys.},
pages = {171--181},
title = {{An accelerated lambda iteration method for multilevel radiative transfer. I - Non-overlapping lines with background continuum}},
volume = {245},
year = {1991}
}
